<?xml version="1.0" encoding="UTF-8"?>
<zs:searchRetrieveResponse xmlns:zs="http://www.loc.gov/zing/srw/"><zs:version>1.2</zs:version><zs:numberOfRecords>1</zs:numberOfRecords><zs:records><zs:record><zs:recordSchema>marcxml</zs:recordSchema><zs:recordPacking>xml</zs:recordPacking><zs:recordData><record xmlns="http://www.loc.gov/MARC21/slim">
  <leader>xxxxxnam a22yyyyy c 4500</leader>
  <controlfield tag="001">1689749369</controlfield>
  <controlfield tag="003">DE-601</controlfield>
  <controlfield tag="005">20200507095418.0</controlfield>
  <controlfield tag="007">cr uuu---uuuuu</controlfield>
  <controlfield tag="008">200211s1761    gw      o     000 0 ger d</controlfield>
  <datafield tag="024" ind1="7" ind2=" ">
    <subfield code="a">urn:nbn:de:gbv:32-1-10031843846</subfield>
    <subfield code="2">urn</subfield>
  </datafield>
  <datafield tag="024" ind1="8" ind2=" ">
    <subfield code="a">VD18 12914878</subfield>
    <subfield code="2">vd18</subfield>
  </datafield>
  <datafield tag="026" ind1=" " ind2=" ">
    <subfield code="e">m.r. t.l. 1.i- n-r- C</subfield>
    <subfield code="2">fei</subfield>
    <subfield code="5">HAAB Weimar</subfield>
  </datafield>
  <datafield tag="040" ind1=" " ind2=" ">
    <subfield code="b">ger</subfield>
    <subfield code="c">GBVCP</subfield>
    <subfield code="e">rda</subfield>
  </datafield>
  <datafield tag="041" ind1="0" ind2=" ">
    <subfield code="a">ger</subfield>
  </datafield>
  <datafield tag="044" ind1=" " ind2=" ">
    <subfield code="c">XA-DXDE</subfield>
    <subfield code="c">XA-DE</subfield>
  </datafield>
  <datafield tag="245" ind1="0" ind2="0">
    <subfield code="a">Nachdem bis anhero gezweifelt werden wollen, ob in dem von HochFürstlicher gnädigsten ObervormundschafftsHerrschafft, wegen des dem Fisco bey Concursen zuzugestehenden VorzugsRechts, unterm 3ten Martii des 1759sten Jahres emanirten Patent, dergleichen VorzugsRecht dem Fisco blos in Ansehung derer onerum realum zugeeignet worden, oder ob selbiges auch auf die übrigen und zu PersonalOneribus zuzehlenden Forderungen des Fisci zu extendiren seyn möchte? ...</subfield>
    <subfield code="b">Signatum Weimar zur Wilhelmsburg den 16den Januarii 1761</subfield>
    <subfield code="c">Fürstl. Sächß. OberVormundschaffl. Regierung daselbst. C. E. von Rehdiger. P. E. Bertram</subfield>
  </datafield>
  <datafield tag="246" ind1="3" ind2="0">
    <subfield code="a">Obervormundschaftsherrschaft bei Konkursen emanierten bloß zuzählenden extendieren sein</subfield>
  </datafield>
  <datafield tag="256" ind1=" " ind2=" ">
    <subfield code="a">TIFF, 48 bit (farbig), RGB; Digitalisierungsvorlage: Original</subfield>
  </datafield>
  <datafield tag="264" ind1="3" ind2="1">
    <subfield code="a">Weimar</subfield>
    <subfield code="c">1761</subfield>
  </datafield>
  <datafield tag="300" ind1=" " ind2=" ">
    <subfield code="a">1 Online-Ressource</subfield>
    <subfield code="a">1 ungezähltes Blatt</subfield>
  </datafield>
  <datafield tag="336" ind1=" " ind2=" ">
    <subfield code="a">Text</subfield>
    <subfield code="b">txt</subfield>
    <subfield code="2">rdacontent</subfield>
  </datafield>
  <datafield tag="337" ind1=" " ind2=" ">
    <subfield code="a">Computermedien</subfield>
    <subfield code="b">c</subfield>
    <subfield code="2">rdamedia</subfield>
  </datafield>
  <datafield tag="338" ind1=" " ind2=" ">
    <subfield code="a">Online-Ressource</subfield>
    <subfield code="b">cr</subfield>
    <subfield code="2">rdacarrier</subfield>
  </datafield>
  <datafield tag="500" ind1=" " ind2=" ">
    <subfield code="a">Rundschreiben zur Klärung von Mißverständnissen zum Gesetz des Konkursverfahrens</subfield>
  </datafield>
  <datafield tag="500" ind1=" " ind2=" ">
    <subfield code="a">Umlaute mit einem übergestelltem "e"</subfield>
  </datafield>
  <datafield tag="533" ind1=" " ind2=" ">
    <subfield code="a">Online-Ausgabe</subfield>
    <subfield code="b">Weimar</subfield>
    <subfield code="c">Klassik Stiftung Weimar, Herzogin Anna Amalia Bibliothek</subfield>
    <subfield code="d">2020</subfield>
    <subfield code="e">1 Online-Ressource</subfield>
    <subfield code="f">Goethes Privatbibliothek in der Klassik Stiftung Weimar</subfield>
    <subfield code="f">VD18-Digitalisierung der HAAB Weimar</subfield>
    <subfield code="7">|2020||||||||||</subfield>
  </datafield>
  <datafield tag="535" ind1="1" ind2=" ">
    <subfield code="a">HAAB Weimar &lt;Ruppert 3714&gt;</subfield>
  </datafield>
  <datafield tag="546" ind1=" " ind2=" ">
    <subfield code="a">In Fraktur</subfield>
  </datafield>
  <datafield tag="700" ind1="0" ind2=" ">
    <subfield code="a">Anna Amalia</subfield>
    <subfield code="c">Sachsen-Weimar-Eisenach, Herzogin</subfield>
    <subfield code="e">MitwirkendeR</subfield>
    <subfield code="4">ctb</subfield>
    <subfield code="0">(DE-601)079435130</subfield>
    <subfield code="0">(DE-588)118649485</subfield>
  </datafield>
  <datafield tag="700" ind1="1" ind2=" ">
    <subfield code="a">Rehdiger, Carl Ernst von</subfield>
    <subfield code="e">MitwirkendeR</subfield>
    <subfield code="4">ctb</subfield>
    <subfield code="0">(DE-601)627300111</subfield>
    <subfield code="0">(DE-588)141410086</subfield>
  </datafield>
  <datafield tag="700" ind1="1" ind2=" ">
    <subfield code="a">Bertram, Philipp Ernst</subfield>
    <subfield code="e">MitwirkendeR</subfield>
    <subfield code="4">ctb</subfield>
    <subfield code="0">(DE-601)373386095</subfield>
    <subfield code="0">(DE-588)128472723</subfield>
  </datafield>
  <datafield tag="776" ind1="0" ind2=" ">
    <subfield code="t">Nachdem bis anhero gezweifelt werden wollen, ob in dem von HochFürstlicher gnädigsten ObervormundschafftsHerrschafft, wegen des dem Fisco bey Concursen zuzugestehenden VorzugsRechts, unterm 3ten Martii des 1759sten Jahres emanirten Patent, dergleichen VorzugsRecht dem Fisco blos in Ansehung derer onerum realum zugeeignet worden, oder ob selbiges auch auf die übrigen und zu PersonalOneribus zuzehlenden Forderungen des Fisci zu extendiren seyn möchte? ...</subfield>
    <subfield code="d">Weimar, 1761</subfield>
    <subfield code="h">1 ungezähltes Blatt</subfield>
    <subfield code="w">KXP21497670X</subfield>
  </datafield>
  <datafield tag="900" ind1=" " ind2=" ">
    <subfield code="a">GBV</subfield>
    <subfield code="b">HAAB Weimar &lt;32&gt;</subfield>
  </datafield>
  <datafield tag="950" ind1="l" ind2=" ">
    <subfield code="a">Sachsen-Weimar / Recht Staat Verwaltung / Konkursrecht</subfield>
    <subfield code="2">61</subfield>
  </datafield>
  <datafield tag="951" ind1=" " ind2=" ">
    <subfield code="a">BO</subfield>
  </datafield>
  <datafield tag="954" ind1=" " ind2=" ">
    <subfield code="0">HAAB Weimar &lt;32&gt;</subfield>
    <subfield code="a">61</subfield>
    <subfield code="b">3592722050</subfield>
    <subfield code="c">01</subfield>
    <subfield code="h">vd18digital</subfield>
    <subfield code="x">0032</subfield>
  </datafield>
</record></zs:recordData><zs:recordPosition>1</zs:recordPosition></zs:record></zs:records><zs:echoedSearchRetrieveRequest><zs:version>1.2</zs:version><zs:query>pica.epn=3592722050</zs:query><zs:maximumRecords>2</zs:maximumRecords><zs:recordPacking>xml</zs:recordPacking><zs:recordSchema>marcxml</zs:recordSchema></zs:echoedSearchRetrieveRequest></zs:searchRetrieveResponse>
